@inproceedings{kifer2004detecting,
    title={Detecting change in data streams},
    author={Kifer, Daniel and Ben-David, Shai and Gehrke, Johannes},
    booktitle={Proceedings of the Thirtieth international conference on Very large data bases-Volume 30},
    pages={180--191},
    year={2004},
    organization={VLDB Endowment}
}

@book{radford1922control,
    title={The control of quality in manufacturing},
    author={Radford, George Stanley},
    year={1922},
    publisher={Ronald Press Company}
}

@article{tartakovsky2006novel,
    title={A novel approach to detection of intrusions in computer networks via
        adaptive sequential and batch-sequential change-point detection methods},
    author={Tartakovsky, Alexander G and Rozovskii, Boris L and Blazek, Rudolf B
        and Kim, Hongjoong},
    journal={Signal Processing, IEEE Transactions on},
    volume={54},
    number={9},
    pages={3372--3382},
    year={2006},
    publisher={IEEE}
}

@article{reeves2007review,
    title={A review and comparison of changepoint detection techniques for climate
        data},
    author={Reeves, Jaxk and Chen, Jien and Wang, Xiaolan L and Lund, Robert and
        Lu, Qi Qi},
    journal={Journal of Applied Meteorology and Climatology},
    volume={46},
    number={6},
    pages={900--915},
    year={2007}
}

@inproceedings{ranganathan2010pliss,
    title={PLISS: Detecting and Labeling Places Using Online Change-Point
        Detection.},
    author={Ranganathan, Ananth},
    booktitle={Robotics: Science and Systems},
    year={2010}
}

@techreport{mcculloh2011detecting,
    title={Detecting change in longitudinal social networks},
    author={McCulloh, Ian and Carley, Kathleen M},
    year={2011},
    institution={DTIC Document}
}

@article{polunchenko2012state,
    title={State-of-the-art in sequential change-point detection},
    author={Polunchenko, Aleksey S and Tartakovsky, Alexander G},
    journal={Methodology and Computing in Applied Probability},
    volume={14},
    number={3},
    pages={649--684},
    year={2012},
    publisher={Springer}
}

@book{brodsky1993nonparametric,
    title={Nonparametric methods in change point problems},
    author={Brodsky, E and Darkhovsky, Boris S},
    number={243},
    year={1993},
    publisher={Springer}
}

@article{robert2005monte,
    title={Monte Carlo statistical methods},
    author={Robert, Christian P and Casella, George},
    year={2005},
    publisher={Springer}
}

@article{pettitt1976cramer,
    title={Cramer-von Mises Statistics for Testing Normality with Censored Samples},
    author={Pettitt, AN},
    journal={Biometrika},
    pages={475--481},
    year={1976},
    publisher={JSTOR}
}

@article{kullback1951information,
    title={On information and sufficiency},
    author={Kullback, Solomon and Leibler, Richard A},
    journal={The Annals of Mathematical Statistics},
    pages={79--86},
    year={1951},
    publisher={JSTOR}
}

@book{efron1994introduction,
    title={An introduction to the bootstrap},
    author={Efron, Bradley and Tibshirani, Robert J},
    volume={57},
    year={1994},
    publisher={CRC press}
}


